@online{test-website,
	author = {Google},
	title = {Google Suchmaschine},
	url = {https://www.google.at/},
	urldate = {2018-03-19}
}

